@article{desolving,
  title={SOLVING RUBIK’S CUBE},
  author={De, Moloy}
}
@inproceedings{demaine2011algorithms,
  title={Algorithms for solving Rubik’s cubes},
  author={Demaine, Erik D and Demaine, Martin L and Eisenstat, Sarah and Lubiw, Anna and Winslow, Andrew},
  booktitle={Algorithms--ESA 2011: 19th Annual European Symposium, Saarbr{\"u}cken, Germany, September 5-9, 2011. Proceedings 19},
  pages={689--700},
  year={2011},
  organization={Springer}
}
@book{joyner2008adventures,
  title={Adventures in group theory: Rubik's Cube, Merlin's machine, and other mathematical toys},
  author={Joyner, David},
  year={2008},
  publisher={JHU Press}
}
@book{gallian2021contemporary,
  title={Contemporary abstract algebra},
  author={Gallian, Joseph A},
  year={2021},
  publisher={Chapman and Hall/CRC}
}
@book{bandelow2012inside,
  title={Inside Rubik’s cube and beyond},
  author={Bandelow, Christoph},
  year={2012},
  publisher={Springer Science \& Business Media}
}
@article{zeng2018overview,
  title={Overview of Rubik’s cube and reflections on its application in mechanism},
  author={Zeng, Da-Xing and Li, Ming and Wang, Juan-Juan and Hou, Yu-Lei and Lu, Wen-Juan and Huang, Zhen},
  journal={Chinese Journal of Mechanical Engineering},
  volume={31},
  pages={1--12},
  year={2018},
  publisher={Springer}
}
@article{flath2003adventures,
  title={Adventures in Group Theory: Rubik's Cube, Merlin's Machine, and Other Mathematical Toys},
  author={Flath, Daniel},
  journal={The American Mathematical Monthly},
  volume={110},
  number={9},
  pages={866},
  year={2003},
  publisher={Taylor \& Francis Ltd.}
}

@article{cuberubik,
  title={Marc Waterman's Algorithm, Part 2. Cubism For Fun 15},
  author={Treep, Anneke , Watermanl,Marc (1987)},
  journal={ Nederlandse Kubus Club},
  volume={part 2]},
  number={9},
  pages={10},

}
 "World Cube Association Competition Regulations". World Cube Association. Retrieved 5 May 2012.
@article{cuberubik2,
  title={"World Cube Association Competition Regulations"},
  author={ World Cube Association},
year={5 May 2012},

}
@article{wong2010group,
  title={Group Theory and the Rubik’s Cube},
  author={Wong, Rodrigo},
  year={2010}
}
@article{rokicki2010god,
  title={God's number is 20},
  author={Rokicki, Tomas},
  journal={http://www. cube20. org/},
  year={2010}
}